<record><leader>00000cas a2200000Ma 4500</leader><controlfield tag="001">701817493</controlfield><controlfield tag="007">hd afa---baca</controlfield><controlfield tag="008">870320d18651868caucr nea     0    0eng  </controlfield><datafield ind1=" " ind2=" " tag="010"><subfield code="a">sn 87062122 </subfield></datafield><datafield ind1=" " ind2=" " tag="040"><subfield code="a">DLC</subfield><subfield code="b">eng</subfield><subfield code="c">YUS</subfield><subfield code="d">OCLCF</subfield><subfield code="d">OCLCO</subfield></datafield><datafield ind1=" " ind2=" " tag="043"><subfield code="a">n-us-ca</subfield></datafield><datafield ind1="0" ind2=" " tag="130"><subfield code="a">Los Angeles semi-weekly news (Los Angeles, Calif. : 1865)</subfield></datafield><datafield ind1="0" ind2="4" tag="245"><subfield code="a">The Los Angeles semi-weekly news.</subfield></datafield><datafield ind1="3" ind2=" " tag="246"><subfield code="a">Los Angeles semiweekly news</subfield></datafield><datafield ind1="1" ind2="3" tag="246"><subfield code="a">Los Angeles news</subfield></datafield><datafield ind1=" " ind2=" " tag="260"><subfield code="a">Los Angeles [Calif.] :</subfield><subfield code="b">[A.J.] King &amp; Co.,</subfield><subfield code="c">1865-1868.</subfield></datafield><datafield ind1=" " ind2=" " tag="300"><subfield code="a">9 v.</subfield></datafield><datafield ind1=" " ind2=" " tag="310"><subfield code="a">Semiweekly</subfield></datafield><datafield ind1="0" ind2=" " tag="362"><subfield code="a">Vol. 13, no. 43 (Nov. 17, 1865)-v. 20, no. 46 (Dec. 25, 1868).</subfield></datafield><datafield ind1=" " ind2=" " tag="533"><subfield code="a">Microfilm.</subfield><subfield code="b">Berkeley, Calif. :</subfield><subfield code="c">University of California, Bancroft Library,</subfield><subfield code="d">[2008?]</subfield><subfield code="e">3 microfilm reels ; 35 mm.</subfield></datafield><datafield ind1=" " ind2=" " tag="539"><subfield code="a">s</subfield><subfield code="b">2008</subfield><subfield code="d">cau</subfield><subfield code="g">a</subfield></datafield><datafield ind1=" " ind2=" " tag="580"><subfield code="a">Split into: Los Angeles weekly news (Los Angeles, Calif. : 1869), and: Los Angeles daily news.</subfield></datafield><datafield ind1=" " ind2="0" tag="651"><subfield code="a">Los Angeles (Calif.)</subfield><subfield code="v">Newspapers.</subfield></datafield><datafield ind1=" " ind2="0" tag="651"><subfield code="a">Los Angeles County (Calif.)</subfield><subfield code="v">Newspapers.</subfield></datafield><datafield ind1=" " ind2="7" tag="655"><subfield code="a">Newspapers.</subfield><subfield code="2">fast</subfield><subfield code="0">(OCoLC)fst01423814</subfield></datafield><datafield ind1=" " ind2="7" tag="651"><subfield code="a">California</subfield><subfield code="z">Los Angeles.</subfield><subfield code="2">fast</subfield><subfield code="0">(OCoLC)fst01204540</subfield></datafield><datafield ind1=" " ind2="7" tag="651"><subfield code="a">California</subfield><subfield code="z">Los Angeles County.</subfield><subfield code="2">fast</subfield><subfield code="0">(OCoLC)fst01205194</subfield></datafield><datafield ind1=" " ind2=" " tag="752"><subfield code="a">United States</subfield><subfield code="b">California</subfield><subfield code="c">Los Angeles</subfield><subfield code="d">Los Angeles.</subfield></datafield><datafield ind1="0" ind2="0" tag="780"><subfield code="t">Los Angeles tri-weekly news</subfield><subfield code="w">(DLC)sn 84025967</subfield><subfield code="w">(OCoLC)10847341</subfield></datafield><datafield ind1="1" ind2="6" tag="785"><subfield code="t">Los Angeles weekly news (Los Angeles, Calif. : 1869)</subfield><subfield code="w">(DLC)sn 92068985</subfield><subfield code="w">(OCoLC)26905876</subfield></datafield><datafield ind1="1" ind2="6" tag="785"><subfield code="t">Los Angeles daily news</subfield><subfield code="w">(DLC)sn 92068995</subfield><subfield code="w">(OCoLC)12017448</subfield></datafield></record>